<record><leader>01897nam a2200457 i 4500</leader><controlfield tag="001">6802919</controlfield><controlfield tag="003">CaONFJC</controlfield><controlfield tag="006">m        d        </controlfield><controlfield tag="007">cr||n|||||||||</controlfield><controlfield tag="008">140915s2015    enk    fo     001|0|eng|d</controlfield><datafield ind1=" " ind2=" " tag="020"><subfield code="a">9780415723251 (hbk.) :</subfield><subfield code="c">&#163;85.00</subfield></datafield><datafield ind1=" " ind2=" " tag="020"><subfield code="a">9781315857794 (ebook) :</subfield><subfield code="c">No price</subfield></datafield><datafield ind1=" " ind2=" " tag="020"><subfield code="a">9781322094489 (MyiLibrary)</subfield></datafield><datafield ind1=" " ind2=" " tag="037"><subfield code="a">640699</subfield><subfield code="b">MIL</subfield></datafield><datafield ind1=" " ind2=" " tag="039"><subfield code="a">exclude</subfield></datafield><datafield ind1=" " ind2=" " tag="040"><subfield code="a">CaONFJC</subfield><subfield code="c">CaONFJC</subfield><subfield code="e">rda</subfield><subfield code="d">AEU</subfield></datafield><datafield ind1=" " ind2="4" tag="050"><subfield code="a">RT89</subfield></datafield><datafield ind1=" " ind2="7" tag="072"><subfield code="a">HEA</subfield><subfield code="2">ukslc</subfield></datafield><datafield ind1="0" ind2="4" tag="082"><subfield code="a">362.1'73</subfield><subfield code="2">23</subfield></datafield><datafield ind1=" " ind2=" " tag="090"><subfield code="a">Internet Access</subfield><subfield code="b">AEU</subfield></datafield><datafield ind1=" " ind2=" " tag="090"><subfield code="a">Internet Access</subfield><subfield code="b">AEGMCT</subfield></datafield><datafield ind1="1" ind2=" " tag="100"><subfield code="a">Allen, Davina,</subfield><subfield code="d">1963-</subfield><subfield code="e">author.</subfield></datafield><datafield ind1="1" ind2="4" tag="245"><subfield code="a">The invisible work of nurses</subfield><subfield code="h">[electronic resource] :</subfield><subfield code="b">hospitals, organisation and healthcare /</subfield><subfield code="c">Davina Allen.</subfield></datafield><datafield ind1=" " ind2="1" tag="264"><subfield code="a">London :</subfield><subfield code="b">Routledge,</subfield><subfield code="c">2015.</subfield></datafield><datafield ind1=" " ind2=" " tag="300"><subfield code="a">1 online resource.</subfield></datafield><datafield ind1=" " ind2=" " tag="336"><subfield code="a">text</subfield><subfield code="b">txt</subfield><subfield code="2">rdacontent</subfield></datafield><datafield ind1=" " ind2=" " tag="337"><subfield code="a">computer</subfield><subfield code="b">c</subfield><subfield code="2">rdamedia</subfield></datafield><datafield ind1=" " ind2=" " tag="338"><subfield code="a">online resource</subfield><subfield code="b">cr</subfield><subfield code="2">rdacarrier</subfield></datafield><datafield ind1="1" ind2=" " tag="490"><subfield code="a">Routledge advances in health and social policy</subfield></datafield><datafield ind1=" " ind2=" " tag="504"><subfield code="a">Includes bibliographical references and index.</subfield></datafield><datafield ind1=" " ind2=" " tag="506"><subfield code="a">Access restricted to authorized users and institutions.</subfield></datafield><datafield ind1=" " ind2=" " tag="588"><subfield code="a">Description based on print version record.</subfield></datafield><datafield ind1=" " ind2=" " tag="596"><subfield code="a">44 57</subfield></datafield><datafield ind1=" " ind2="0" tag="650"><subfield code="a">Nurses</subfield><subfield code="z">Great Britain.</subfield></datafield><datafield ind1=" " ind2="0" tag="650"><subfield code="a">Nursing</subfield><subfield code="z">Great Britain.</subfield></datafield><datafield ind1=" " ind2="0" tag="830"><subfield code="a">Routledge advances in health and social policy.</subfield></datafield><datafield ind1="4" ind2="0" tag="856"><subfield code="3">University of Alberta Access</subfield><subfield code="u">http://lib.myilibrary.com/detail.asp?ID=640699</subfield><subfield code="z">(Single User Access)</subfield></datafield><datafield ind1="4" ind2="0" tag="856"><subfield code="3">MacEwan University Access</subfield><subfield code="u">http://lib.myilibrary.com/detail.asp?ID=640699</subfield><subfield code="z">(Single User Access)</subfield></datafield><datafield ind1=" " ind2=" " tag="949"><subfield code="w">ORDER</subfield><subfield code="h">UAIN</subfield><subfield code="m">GR_MAC_INT</subfield><subfield code="z">MILGMPSA</subfield></datafield><datafield ind1=" " ind2=" " tag="926"><subfield code="a">Internet Access</subfield><subfield code="w">ORDER</subfield><subfield code="c">1</subfield><subfield code="i">6802919-1001</subfield><subfield code="l">INTERNET</subfield><subfield code="m">GR_MAC_INT</subfield><subfield code="p">$85.00</subfield><subfield code="r">Y</subfield><subfield code="s">Y</subfield><subfield code="t">E-RESOURCE</subfield><subfield code="u">2/11/2015</subfield><subfield code="x">E-BOOK</subfield><subfield code="z">MILGMPSA</subfield></datafield><datafield ind1=" " ind2=" " tag="926"><subfield code="a">Internet Access</subfield><subfield code="w">LC</subfield><subfield code="c">1</subfield><subfield code="i">6802919-2001</subfield><subfield code="l">INTERNET</subfield><subfield code="m">UAINTERNET</subfield><subfield code="r">Y</subfield><subfield code="s">Y</subfield><subfield code="t">E-RESOURCE</subfield><subfield code="u">4/7/2015</subfield><subfield code="x">E-BOOK</subfield><subfield code="z">PDAOWNED</subfield></datafield></record>